<?xml version="1.0" encoding="UTF-8"?><collection xmlns="http://www.loc.gov/MARC21/slim"><record><leader>00375nam--2200133-i-4500</leader><controlfield tag="001">000006423</controlfield><controlfield tag="002">20161230</controlfield><controlfield tag="005">20161230201026</controlfield><controlfield tag="008">060222s1000------------r-----000-0-eng-d</controlfield><datafield ind1=" " ind2=" " tag="100"><subfield code="a">Barth, F./S.A.</subfield></datafield><datafield ind1=" " ind2=" " tag="245"><subfield code="a">Release of fission products from uc-zrc fuel inserts</subfield></datafield><datafield ind1=" " ind2=" " tag="260"><subfield code="a">Vienna, I.A.E.A., 1963 26 P. + 9 Fig</subfield></datafield><datafield ind1=" " ind2=" " tag="490"><subfield code="a">Conference On New Nuclear Materials</subfield></datafield><datafield ind1=" " ind2=" " tag="852"><subfield code="a">8912</subfield></datafield></record></collection>